@article{Krizhevsky2012Imagenet,
  author    = {Alex Krizhevsky and Ilya Sutskever and Geoffrey E. Hinton},
  title     = {ImageNet Classification with Deep Convolutional Neural Networks},
  journal   = {Commun. {ACM}},
  volume    = {60},
  number    = {6},
  pages     = {84--90},
  year      = {2017},
  url       = {https://doi.org/10.1145/3065386},
  doi       = {10.1145/3065386},
  timestamp = {Tue, 06 Nov 2018 10:59:02 +0100},
  biburl    = {https://dblp.org/rec/journals/cacm/KrizhevskySH17.bib},
  bibsource = {dblp computer science bibliography, https://dblp.org}
}

@inproceedings{He2016DeepRL,
  author    = {Kaiming He and Xiangyu Zhang and Shaoqing Ren and Jian Sun},
  title     = {Deep Residual Learning for Image Recognition},
  booktitle = {2016 {IEEE} Conference on Computer Vision and Pattern Recognition, {CVPR}
               2016, Las Vegas, NV, USA, June 27-30, 2016},
  pages     = {770--778},
  publisher = {{IEEE} Computer Society},
  year      = {2016},
  url       = {https://doi.org/10.1109/CVPR.2016.90},
  doi       = {10.1109/CVPR.2016.90},
  timestamp = {Wed, 16 Oct 2019 14:14:50 +0200},
  biburl    = {https://dblp.org/rec/conf/cvpr/HeZRS16.bib},
  bibsource = {dblp computer science bibliography, https://dblp.org}
}

@techreport{Krizhevsky2009LearningML,
  author    = {Alex Krizhevsky},
  title     = {Learning Multiple Layers of Features from Tiny Images},
  institution = {University of Toronto},
  year      = {2009},
  url       = {https://www.cs.toronto.edu/~kriz/learning-features-2009-TR.pdf}
}

@inproceedings{Deng2009ImageNet,
  author    = {Jia Deng and Wei Dong and Richard Socher and Li-Jia Li and Kai Li and Li Fei-Fei},
  title     = {ImageNet: {A} Large-Scale Hierarchical Image Database},
  booktitle = {2009 {IEEE} Conference on Computer Vision and Pattern Recognition, {CVPR}
               2009, Miami, Florida, USA, June 20-25, 2009},
  pages     = {248--255},
  publisher = {{IEEE} Computer Society},
  year      = {2009},
  url       = {https://doi.org/10.1109/CVPR.2009.5206848},
  doi       = {10.1109/CVPR.2009.5206848},
  timestamp = {Wed, 16 Oct 2019 14:14:50 +0200},
  biburl    = {https://dblp.org/rec/conf/cvpr/DengDSLLF09.bib},
  bibsource = {dblp computer science bibliography, https://dblp.org}
}

@article{Zhang2017UnderstandingDL,
  author    = {Chiyuan Zhang and Samy Bengio and Moritz Hardt and Benjamin Recht and Oriol Vinyals},
  title     = {Understanding deep learning requires rethinking generalization},
  journal   = {CoRR},
  volume    = {abs/1611.03530},
  year      = {2016},
  url       = {http://arxiv.org/abs/1611.03530},
  archivePrefix = {arXiv},
  eprint    = {1611.03530},
  timestamp = {Mon, 13 Aug 2018 16:46:17 +0200},
  biburl    = {https://dblp.org/rec/journals/corr/ZhangBHV16.bib},
  bibsource = {dblp computer science bibliography, https://dblp.org}
}

@article{Shorten2019ASO,
  title={A survey on Image Data Augmentation for Deep Learning},
  author={Connor Shorten and Taghi M. Khoshgoftaar},
  journal={Journal of Big Data},
  year={2019},
  volume={6},
  url={https://api.semanticscholar.org/CorpusID:195990770}
}

@inproceedings{Natarajan2013LearningWN,
  title={Learning with Noisy Labels},
  author={Nagarajan Natarajan and Inderjit S. Dhillon and Pradeep Ravikumar and Ambuj Tewari},
  booktitle={NIPS},
  year={2013},
  url={https://api.semanticscholar.org/CorpusID:12910539}
}

@inproceedings{Han2018Coteaching,
  author    = {Bo Han and Quanming Yao and Xingrui Yu and Gang Niu and Miao Xu and Weihua Hu and Ivor W. Tsang and Masashi Sugiyama},
  title     = {Co-teaching: Robust Training of Deep Neural Networks with Extremely
               Noisy Labels},
  booktitle = {Advances in Neural Information Processing Systems 31: Annual Conference
               on Neural Information Processing Systems 2018, NeurIPS 2018, December
               3-8, 2018, Montr{\'{e}}al, Canada},
  pages     = {8535--8545},
  year      = {2018},
  url       = {https://proceedings.neurips.cc/paper/2018/hash/a19744e268754fb0148b015641644533-Abstract.html},
  timestamp = {Thu, 21 Jan 2021 15:16:20 +0100},
  biburl    = {https://dblp.org/rec/conf/nips/HanYYNXHTS18.bib},
  bibsource = {dblp computer science bibliography, https://dblp.org}
}

@article{Zhong2020RandomED,
  title={Random Erasing Data Augmentation},
  author={Zhun Zhong and Liang Zheng and Guoliang Kang and Shaozi Li and Yi Yang},
  journal={Proceedings of the AAAI Conference on Artificial Intelligence},
  year={2020},
  volume={34},
  pages={13001-13008},
  url={https://api.semanticscholar.org/CorpusID:206096372}
}

@article{Paszke2019PyTorchAI,
  title={PyTorch: An Imperative Style, High-Performance Deep Learning Library},
  author={Adam Paszke and Sam Gross and Francisco Massa and Adam Lerer and James Bradbury and Gregory Chanan and Trevor Killeen and Z. Lin and N. Gimelshein and Luca Antiga and A. Desmaison and Andreas Kopf and Edward Z. Yang and F. DeVito and Martin Raison and Alykhan Tejani and Sasank Chilamkurthy and B. Steiner and Lu Fang and Junjie Bai and Soumith Chintala},
  journal={NIPS},
  year={2019},
  url={https://api.semanticscholar.org/CorpusID:202925659}
}

@inproceedings{Ghosh2017RobustLF,
  title={Robust Loss Functions under Label Noise for Deep Neural Networks},
  author={Aritra Ghosh and Himanshu Kumar and P S Sastry},
  booktitle={AAAI},
  year={2017},
  url={https://api.semanticscholar.org/CorpusID:205831002}
}

@article{Zhang2018GeneralizedCE,
  title={Generalized Cross Entropy Loss for Training Deep Neural Networks with Noisy Labels},
  author={Zhilu Zhang and Mert R. Sabuncu},
  journal={ArXiv},
  year={2018},
  volume={abs/1805.07836},
  url={https://api.semanticscholar.org/CorpusID:43966111}
}

@inproceedings{Reed2015TrainingDN,
  title={Training Deep Neural Networks on Noisy Labels with Bootstrapping},
  author={Scott E. Reed and Honglak Lee and Dragomir Anguelov and Christian Szegedy and D. Erhan and Andrew Rabinovich},
  booktitle={ICLR},
  year={2015},
  url={https://api.semanticscholar.org/CorpusID:6930350}
}

@inproceedings{Jiang2018MentorNet,
  author    = {Lu Jiang and Zhengyuan Zhou and Thomas Leung and Li-Jia Li and Li Fei-Fei},
  title     = {MentorNet: Learning Data-Driven Curriculum for Very Deep Neural Networks
               on Corrupted Labels},
  booktitle = {Proceedings of the 35th International Conference on Machine Learning,
               {ICML} 2018, Stockholmsm{\"{a}}ssan, Stockholm, Sweden, July 10-15,
               2018},
  series    = {Proceedings of Machine Learning Research},
  volume    = {80},
  pages     = {2304--2313},
  publisher = {{PMLR}},
  year      = {2018},
  url       = {http://proceedings.mlr.press/v80/jiang18c.html},
  timestamp = {Mon, 03 Jan 2022 22:50:03 +0100},
  biburl    = {https://dblp.org/rec/conf/icml/JiangZLLF18.bib},
  bibsource = {dblp computer science bibliography, https://dblp.org}
}

@inproceedings{Li2019LearningTR,
  title={Learning to Reweight Examples for Robust Deep Learning},
  author={Mengye Li and Bo An and Bradley Green and Sergey Levine and Chelsea Finn},
  booktitle={ICML},
  year={2019},
  url={https://api.semanticscholar.org/CorpusID:51837960}
}

@inproceedings{Zhang2018mixupBE,
  title={mixup: Beyond Empirical Risk Minimization},
  author={Hongyi Zhang and Moustapha Ciss{\'e} and Yann N. Dauphin and David Lopez-Paz},
  booktitle={ICLR},
  year={2018},
  url={https://api.semanticscholar.org/CorpusID:13923253}
}

@inproceedings{Yun2019CutMixRS,
  title={CutMix: Regularization Strategy to Train Strong Classifiers with Localizable Features},
  author={Sangdoo Yun and Dongyoon Han and Seong Joon Oh and Sanghyuk Chun and Junsuk Choe and Youngjoon Yoo},
  booktitle={2019 IEEE/CVF International Conference on Computer Vision (ICCV)},
  year={2019},
  pages={6022-6031},
  url={https://api.semanticscholar.org/CorpusID:195888997}
}

@inproceedings{Cubuk2019AutoAugmentLA,
  title={AutoAugment: Learning Augmentation Policies from Data},
  author={Ekin Dogus Cubuk and Barret Zoph and Dandelion Man{\'e} and Vijay Vasudevan and Quoc V. Le},
  booktitle={CVPR},
  year={2019},
  url={https://api.semanticscholar.org/CorpusID:52990907}
}

@article{Patel2015VisualDA,
  author    = {Vishal M. Patel and Raghuraman Gopalan and Ruonan Li and Rama Chellappa},
  title     = {Visual Domain Adaptation: {A} Survey of Recent Advances},
  journal   = {{IEEE} Signal Process. Mag.},
  volume    = {32},
  number    = {3},
  pages     = {53--69},
  year      = {2015},
  url       = {https://doi.org/10.1109/MSP.2014.2347039},
  doi       = {10.1109/MSP.2014.2347039},
  timestamp = {Mon, 05 Sep 2022 14:21:22 +0200},
  biburl    = {https://dblp.org/rec/journals/spm/PatelGLC15.bib},
  bibsource = {dblp computer science bibliography, https://dblp.org}
}